@String{pts = {The Pali Text Society}}
@String{oup = {Oxford University Press}}
@String{cup = {Cambridge University Press}}
@String{yup = {Yale University Press}}
@String{pup = {Princeton University Press}}
@String{iup = {Indiana University Press}}
@String{sup = {State University of New York Press}}
@String{mit = {The MIT Press}}
%==============
% biblatex field substitution
% location = address
@book{rhys:ptsd,
	editor = {T. W. Rhys Davids and William Stede},
	title = {The Pali Text Society's Pali-English Dictionary},
	publisher = pts,
	address = {London},
	year = {1921--25},
}
@book{rhys:suttas,
	translator = {T. W. Rhys Davids},
	title = {Buddhist Suttas},
	publisher = {The Clarendon Press},
	address = {Oxford},
	year = {1881},
}
@book{hinuber:literature,
	author = {Oskar {von Hin\"uber}},
	title = {A Handbook of {P}\=ali Literature},
	publisher = {Walter de Gruyter},
	address = {Berlin},
	year = {1996},
}
@book{norman:literature,
	author = {K. R. Norman},
	title = {{P}\=ali Literature},
	publisher = {Otto Harrassowitz},
	address = {Wiesbaden},
	year = {1983},
}
@book{mason:understanding,
	author = {Richard Mason},
	title = {Understanding Understanding},
	publisher = sup,
	address = {Albany},
	year = {2003},
}
@book{chandler:semiotics,
	author = {Daniel Chandler},
	title = {Semiotics},
	subtitle = {The Basics},
	publisher = {Routledge},
	address = {London and New York},
	edition = {3},
	year = {2017},
}
@book{deely:basics,
	author = {John Deely},
	title = {Basics of Semiotics},
	publisher = iup,
	address = {Bloomington},
	year = {1990},
}
@book{saussure:course,
	author = {Ferdinand de Saussure},
	translator = {Wade Baskin},
	title = {Course in General Linguistics},
	publisher = {Philosophical Library},
	address = {New York},
	year = {1959},
}
@book{reisberg:cognition,
	author = {Daniel Reisberg},
	title = {Cognition},
	subtitle = {Exploring the Science of Mind},
	publisher = {W. W. Norton \& Company},
	address = {New York},
	edition = {4},
	year = {2010},
}
@book{baarsgage:cognition,
	author = {Bernard J. Baars and Nicole M. Gage},
	title = {Cognition, Brain, and Consciousness},
	subtitle = {Introduction to Cognitive Neuroscience},
	publisher = {Academic Press},
	address = {Burlington, MA},
	edition = {2},
	year = {2010},
}
@book{fiske:communication,
	author = {John Fiske},
	title = {Introduction to Communication Studies},
	publisher = {Routledge},
	address = {London},
	edition = {2},
	year = {1990},
}
@book{foster:memory,
	author = {Jonathan K. Foster},
	title = {Memory},
	subtitle = {A Very Short Introduction},
	publisher = oup,
	address = {Oxford},
	year = {2009},
}
@book{baddeley:memory,
	author = {Alan Baddeley and Michael W. Eysenck and Michael C. Anderson},
	title = {Memory},
	publisher = {Psychology Press},
	address = {London and New York},
	edition = {2},
	year = {2015},
}
@book{schacter:seven,
	author = {Daniel L. Schacter},
	title = {The Seven Sins of Memory},
	subtitle = {How the Mind Forgets and Remembers},
	publisher = {Houghton Mifflin Company},
	address = {New York},
	year = {2001},
}
@book{austin:how,
	author = {J. L. Austin},
	title = {How to Do thing with Words},
	publisher = {The Clarendon Press},
	address = {Oxford},
	year = {1962},
}
@book{searle:speech,
	author = {John R. Searle},
	title = {Expression and Meaning},
	subtitle = {Studies in the Theory of Speech Acts},
	publisher = cup,
	address = {Cambridge},
	year = {1979},
}
@book{bachharnish:speech,
	author = {Kent Bach and Robert M. Harnish},
	title = {Linguistic Communication and Speech Acts},
	publisher = mit,
	address = {Cambridge, MA},
	year = {1979},
}
@book{eco:semiotics,
	author = {Umberto Eco},
	title = {A Theory of Semiotics},
	publisher = iup,
	address = {Bloomington},
	year = {1976},
}
@book{danesi:messages,
	author = {Marcel Danesi},
	title = {Messages, Signs, and Meanings},
	subtitle = {A Basic Textbook in Semiotics and Communication},
	publisher = {University of Toronto Press},
	address = {Toronto},
	edition = {3},
	year = {2004},
}
@book{danesi:quest,
	author = {Marcel Danesi},
	title = {The Quest for Meaning},
	subtitle = {A Guide to Semiotic Theory and Practice},
	publisher = {University of Toronto Press},
	address = {Toronto},
	year = {2007},
}
@book{palmer:hermeneutics,
	author = {Richard E. Palmer},
	title = {Hermeneutics},
	subtitle = {Interpretation Theory in Schleiermacher, Dilthey, Heidegger, and Gadamer},
	publisher = {Northwestern Universtity Press},
	address = {Evanston},
	year = {1969},
}
@book{hirsch:validity,
	author = {E. D. Hirsch},
	title = {Validity in Interpretation},
	publisher = yup,
	address = {New Haven},
	year = {1967},
}
@book{barthes:image,
	author = {Roland Barthes},
	title = {Image Music Text},
	translator = {Stephen Heath},
	publisher = {Fontana Press},
	address = {London},
	year = {1977},
}
@book{dilthey:hermeneutics,
	author = {Wilhelm Dilthey},
	title = {Hermeneutics and the Study of History},
	publisher = pup,
	address = {Princeton},
	year = {1996},
}
@book{schmidt:hermeneutics,
	author = {Lawrence K. Schmidt},
	title = {Understanding Hermeneutics},
	publisher = {Acumen},
	address = {Durham},
	year = {2006},
}
@book{heidegger:ontology,
	author = {Martin Heidegger},
	title = {Ontology},
	subtitle = {The Hermeneutics of Facticity},
	translator = {John van Buren},
	publisher = iup,
	address = {Bloomington},
	year = {1999},
}
@book{heidegger:being,
	author = {Martin Heidegger},
	title = {Being and Time},
	translator = {Joan Stambaugh},
	publisher = sup,
	address = {Albany},
	year = {2010},
}
@book{gadamer:truth,
	author = {Hans-Georg Gadamer},
	title = {Truth and Method},
	translator = {Joel Weinsheimer and Donald G. Marshall},
	publisher = {Continuum},
	address = {London},
	edition = {2nd, rev. ed.},	
	year = {2004},
}
@book{ricoeur:interpretation,
	author = {Paul Ricoeur},
	title = {Interpretation Theory},
	subtitle = {Discourse and the Surplus of Meaning},
	publisher = {Texus Christian University Press},
	address = {Fort Worth},
	year = {1976},
}
@book{eagleton:ideology,
	author = {Terry Eagleton},
	title = {Ideology},
	subtitle = {An Introduction},
	publisher = {Verso},
	address = {London},
	year = {1991},
}
@book{jakobson:selected2,
	author = {Roman Jakobson},
	maintitle = {Selected Writings},
	title = {Word and Language},
	volume = {2},
	publisher = {Mouton},
	address = {The Hague},
	year = {1971},
}
@book{fairclough:power,
	author = {Norman Fairclough},
	title = {Language and Power},
	publisher = {Longman},
	address = {New York},
	year = {1989},
}
@book{ashcroft:postcolonial,
	author = {Bill Ashcroft and Gareth Griffiths and Helen Tiffin},
	title = {Postcolonial Studies},
	subtitle = {The Key Concepts},
	publisher = {Routledge},
	address = {London and New York},
	edition = {3},
	year = {2013},
}
@book{mills:discourse,
	author = {Sara Mills},
	title = {Discourse},
	publisher = {Routledge},
	address = {London and New York},
	year = {2004},
}
@book{greenlebihan:critical,
	author = {Keith Green and Jill LeBihan},
	title = {Critical Theory and Practice},
	subtitle = {A Coursebook},
	publisher = {Routledge},
	address = {London and New York},
	year = {1996},
}
@book{foucault:sexuality,
	author = {Michel Foucault},
	translator = {Robert Hurley},
	title = {The History of Sexuality},
	subtitle = {Vol. 1 An Introduction},
	publisher = {Pantheon Books},
	address = {New York},
	year = {1978},
}
@book{said:orientalism,
	author = {Edward W. Said},
	title = {Orientalism},
	publisher = {Penguin Books},
	address = {London},
	origdate = 1978,
	year = {2003},
}
@book{dalai:universe,
	author = {{Dalai Lama}},
	title = {The Universe in a Single Atom},
	subtitle = {The Convergence of Science and Spirituality},
	publisher = {Morgan Road Books},
	address = {New York},
	year = {2005},
}
@book{jayatilleke:knowledge,
	author = {K. N. Jayatilleke},
	title = {Early Buddhist Theory of Knowledge},
	publisher = {George Allen \& Unwin Ltd},
	address = {London},
	year = {1963},
}
@book{williams:mahayana,
	author = {Paul Williams},
	title = {Mah\=ay\=ana Buddhism},
	subtitle = {The Doctrinal Foundations},
	publisher = {Routledge},
	address = {London and New York},	
	edition = {2},
	year = {2009},
}
@book{sapir:culture,
	author = {Edward Sapir},
	title = {Culture, Language and Personality},
	subtitle = {Selected Essays},
	publisher = {University of California Press},
	address = {Berkeley},	
	year = {1949},
}
@book{pinker:stuff,
	author = {Steven Pinker},
	title = {The Stuff of Thought},
	subtitle = {Language as a Window into Human Nature},
	publisher = {Viking},
	address = {New York},	
	year = {2007},
}
@book{munday:translation,
	author = {Jeremy Munday},
	title = {Introducing Translation Studies},
	subtitle = {Theories and Applications},
	publisher = {Routledge},
	address = {London and New York},
	edition = {4},
	year = {2016},
}
@book{pochhacker:interpreting,
	author = {Franz P\"ochhacker},
	title = {Introducing Interpreting Studies},
	publisher = {Routledge},
	address = {London and New York},
	year = {2004},
}
@book{venuti:invisibility,
	author = {Lawrence Venuti},
	title = {The Translator's Invisibility},
	subtitle = {A History of Translation},
	publisher = {Routledge},
	address = {London and New York},
	edition = {2},
	year = {2008},
}
@book{venuti:scandals,
	author = {Lawrence Venuti},
	title = {The Scandals of Translation},
	subtitle = {Towards an Ethics of Difference},
	publisher = {Routledge},
	address = {London and New York},
	year = {1998},
}
@book{lefevere:rewriting,
	author = {Andr\'e Lefevere},
	title = {Translation, Rewriting, and the manipulation of Literary Fame},
	publisher = {Routledge},
	address = {London and New York},
	year = {1992},
}
@book{pym:exploring,
	author = {Anthony Pym},
	title = {Exploring Translation Theories},
	publisher = {Routledge},
	address = {London and New York},
	edition = {2},
	year = {2014},
}
@book{bassnett:translation,
	author = {Susan Bassnett},
	title = {Translation Studies},
	publisher = {Routledge},
	address = {London and New York},
	edition = {3},
	year = {2002},
}
@book{nida:toward,
	author = {Eugene A. Nida},
	title = {Toward a Science of Translation},
	publisher = {E. J. Brill},
	address = {Leiden},
	year = {1964},
}
@book{toury:descriptive,
	author = {Gideon Toury},
	title = {Descriptive Translation Studies -- and beyond},
	publisher = {John Benjamins Publishing},
	address = {Amsterdam and Philadelphia},
	edition = {rev. ed.},	
	year = {2012},
}
@book{chesterman:memes,
	author = {Andrew Chesterman},
	title = {Memes of Translation},
	subtitle = {The Spread of Ideas in Translation Theory},
	publisher = {John Benjamins Publishing},
	address = {Amsterdam and Philadelphia},
	edition = {rev. ed.},	
	year = {2016},
}
@book{fawcett:translation,
	author = {Peter Fawcett},
	title = {Translation and Language},
	subtitle = {Linguistic Theory Explained},
	publisher = {St. Jerome Publishing},
	address = {Manchester},
	year = {1997},
}
@book{selden:literary,
	author = {Raman Selden and Peter Widdowson and Peter Brooker},
	title = {A Reader's Guide to Contemporary Literary Theory},
	publisher = {Pearson Education Limited},
	address = {Harlow},
	edition = {5},
	year = {2005},
}
@book{vinaydarbelnet:comparative,
	author = {Jean-Paul Vinay and Jean Darbelnet},
	translator = {Sager, Juan C. and Hamel M.-J.},
	title = {Comparative Stylistics of French and English},
	subtitle = {A Methodology for Translation},
	publisher = {John Benjamins Publishing},
	address = {Amsterdam and Philadelphia},
	year = {1995},
}
@book{shuttleworth:dictionary,
	author = {Mark Shuttleworth and Moira Cowie},
	title = {Dictionary of Translation Studies},
	publisher = {Routledge},
	address = {London and New York},
	year = {2014},
}
@book{newmark:textbook,
	author = {Peter Newmark},
	title = {A Textbook of Translation},
	publisher = {Prentice Hall},
	address = {Hertfordshire},
	year = {1988},
}
@book{nord:analysis,
	author = {Christiane Nord},
	title = {Text Analysis in Translation},
	subtitle = {Theory, Methodology and Didactic Application of a Model for Transla\-tion-Oriented Text Analysis},
	publisher = {Rodopi},
	address = {Amsterdam},
	edition = {2},
	year = {2005},
}
@book{gombrich:theravada,
	author = {Richard F. Gombrich},
	title = {Therav\=ada Buddhism},
	subtitle = {A Social History from Ancient Benares to Modern Columbo},
	publisher = {Routledge},
	address = {London and New York},
	edition = {2},
	year = {2006},
}
@book{gombrich:how,
	author = {Richard F. Gombrich},
	title = {How Buddhism Began},
	subtitle = {The Conditioned Genesis of the Early Teachings},
	publisher = {Routledge},
	address = {London and New York},
	edition = {2},
	year = {2006},
}
@book{mundayzhang:discourse,
	author = {Jeremy Munday and Meifang Zhang},
	title = {Discourse Analysis in Translation Studies},
	publisher = {John Benjamins Publishing},
	address = {Amsterdam and Philadelphia},
	year = {2017},
}
@book{paltridge:discourse,
	author = {Brian Paltridge},
	title = {Discourse Analysis},
	subtitle = {An Introduction},
	publisher = {Bloomsbury},
	address = {London},
	year = {2012},
}
@book{bodhi:reading,
	author = {Bhikkhu Bodhi},
	title = {Reading the Buddha's Discourses in P\=ali},
	subtitle = {A Practical Guide to the Language of the Ancient Buddhist Canon},
	publisher = {Wisdom Publications},
	address = {Somerville},
	year = {2020},
}
@book{kalupahana:causality,
	author = {David J. Kalupahana},
	title = {Causality},
	subtitle = {The Central Philosophy of Buddhism},
	publisher = {University Press of Hawaii},
	address = {Honolulu},
	year = {1975},
}
@book{nyanatiloka:dict,
	author = {Nyanatiloka},
	editor = {Nyanaponika},
	title = {Buddhist Dictionary},
	subtitle = {Manual of Buddhist Terms and Doctrines},
	publisher = {Singapore Buddhist Meditation Centre},
	address = {Singapore},
	edition = {3},
	year = {1991},
}
@book{davis:advaita,
	author = {Leesa S. Davis},
	title = {Advaita Ved\=ata and Zen Buddhism},
	subtitle = {Deconstructive Modes of Spiritual Inquiry},
	publisher = {Continuum},
	address = {London},
	year = {2010},
}
@book{wynne:origin,
	author = {Alexander Wynne},
	title = {The Origin of Buddhist Meditation},
	publisher = {Routledge},
	address = {London and New York},
	year = {2007},
}
@book{harvey:buddhism,
	author = {Peter Harvey},
	title = {An Introduction to Buddhism},
	subtitle = {Teachings, History and Practices},
	publisher = cup,
	address = {Cambridge},
	edition = {2},
	year = {2013},
}
%%==========================
@incollection{malpas:intro,
	author = {Jeff Malpas},
	title = {Introduction},
	subtitle = {Hermeneutics and Philosophy},
	pages = {1--9},
	crossref = {malpasgander:hermeneutics},
}
@collection{malpasgander:hermeneutics,
	editor = {Jeff Malpas and Hans-Helmuth Gander},
	title = {The Routledge Companion to Hermeneutics},
	publisher = {Routledge},
	address = {London and New York},
	year = {2015},
}
@incollection{origgisperber:evolution,
	author = {Gloria Origgi and Dan Sperber},
	title = {Evolution, Communication and the Proper Function of Language},
	pages = {140--169},
	crossref = {carruthers:evolution},
}
@collection{carruthers:evolution,
	editor = {Peter Carruthers and Andrew Chamberlain},
	title = {Evolution and the Human Mind},
	subtitle = {Modularity, Language and Meta-cognition},
	publisher = cup,
	address = {Cambridge},
	year = {2000},
}
@incollection{prebish:councils,
	author = {Charles S. Prebish},
	title = {Councils, Buddhism},
	pages = {187--189},
	crossref = {buswell:encyclopedia},
}
@collection{buswell:encyclopedia,
	editor = {Robert R. {Buswell Jr.}},
	title = {Encyclopedia of Buddhism},
	volumes = {2},
	publisher = {Macmillan},
	address = {New York},
	year = {2004},
}
@incollection{benjamin:task,
	author = {Walter Benjamin},
	translator = {Steven Rendall},
	title = {The Translator's Task},
	pages = {75--83},
	crossref = {venuti:reader3rd},
}
@incollection{jakobson:translation,
	author = {Roman Jakobson},
	title = {On Linguistic Aspects of Translation},
	pages = {126--131},
	crossref = {venuti:reader3rd},
}
@collection{venuti:reader3rd,
	editor = {Lawrence Venuti},
	title = {The Translation Studies Reader},
	publisher = {Routledge},
	address = {London and New York},
	edition = {3},
	year = {2012},
}
@incollection{vinaydarbelnet:methodology,
	author = {Jean-Paul Vinay and Jean Darbelnet},
	title = {A Methodology for Translation},
	pages = {84--93},
	year = {1995},
	crossref = {venuti:reader2nd},
}
@collection{venuti:reader2nd,
	editor = {Lawrence Venuti},
	title = {The Translation Studies Reader},
	publisher = {Routledge},
	address = {London and New York},
	edition = {2},
	year = {2004},
}
@incollection{neather:buddhism,
	author = {Rober Neather},
	title = {Buddhism and Buddhist Texts},
	pages = {46--51},
	crossref = {bakersaldanha:encyclopedia},
}
@collection{bakersaldanha:encyclopedia,
	editor = {Mona Baker and Gabriela Saldanha},
	title = {Routledge Encyclopedia of Translation Studies},
	publisher = {Routledge},
	address = {London and New York},
	edition = {3},
	year = {2020},
}
@incollection{wyke:ethics,
	author = {Ben {Van Wyke}},
	title = {Translation and Ethics},
	pages = {548--560},
	crossref = {millanbartrina:handbook},
}
@collection{millanbartrina:handbook,
	editor = {Carmen Mill\'an and Francesca Bartrina},
	title = {The Routledge Handbook of Translation Studies},
	publisher = {Routledge},
	address = {London and New York},
	year = {2013},
}
@collection{munday:companion,
	editor = {Jeremy Munday},
	title = {The Routledge Companion to Translation Studies},
	publisher = {Routledge},
	address = {London and New York},
	edition = {rev. ed.},
	year = {2009},
}
@incollection{hjelm:discourse,
	author = {Titus Hjelm},
	title = {Discourse Analysis},
	pages = {134--150},
	crossref = {stausberg:handbook},
}
@collection{stausberg:handbook,
	editor = {Michael Stausberg and Steven Engle},
	title = {The Routledge Handbook of Research Methods in the Study of Religion},
	publisher = {Routledge},
	address = {London and New York},
	year = {2011},
}
@incollection{huckin:cda,
	author = {Thomas N. Huckin},
	title = {Critical Discourse Analysis},
	pages = {78--92},
	crossref = {miller:functional},
}
@collection{miller:functional,
	editor = {Tom Miller},
	title = {Functional Approaches to Written Text},
	subtitle = {Classroom Applications},
	publisher = {United State Information Agency},
	address = {Washington, D.C.},
	year = {1997},
}
@incollection{hinuber:translating,
	author = {Oskar {von Hin\"uber}},
	title = {Translating the Therav\=ada Commentaries: Why, How, for Whom?},
	pages = {109--126},
	crossref = {collett:translating},
}
@collection{collett:translating,
	editor = {Alice Collett},
	title = {Translating Buddhism},
	subtitle = {Historical and Contextual Perspectives},
	publisher = sup,
	address = {Albany},
	year = {2021},
}
%%==========================
@article{wimsatt:fallacy,
	author = {W. K. {Wimsatt Jr.} and M. C. Beardsley},
	title = {The Intentional Fallacy},
	journaltitle = {The Sewanee Review},
	volume = 54,
	number = 3,
	year = {1946},
	pages =	{468--488},
}
@article{fairclough:marketization,
	author = {Norman Fairclough},
	title = {Critical Discourse Analysis and the Marketization of Public Discourse},
	subtitle = {The Universities},
	journaltitle = {Discourse \& Society},
	volume = 4,
	year = {1993},
	pages =	{133--168},
}
@article{kress:against,
	author = {Gunther Kress},
	title = {Against Arbitrariness},
	subtitle = {The Social Production of the Sign as a Foundational Issue in Critical Discourse Analysis},
	journaltitle = {Discourse \& Society},
	volume = 4,
	year = {1993},
	pages =	{169--191},
}
@article{analayo:omniscience,
	author = {An\=alayo, Bhikkhu},
	title = {The Buddha and Omniscience},
	journaltitle = {The Indian International Journal of Buddhist Studies},
	volume = 7,
	year = {2006},
	pages =	{1--20},
}
